%----------------------------------- JOURNAL ----------------------------------
@article{Shaked_2009_AO,
   author    = {Natan T. Shaked and Barak Katz and Joseph Rosen},
   title     = {Review of three--dimensional holographic imaging by multiple-viewpoint-projection based methods},
   year      = {2009},
   journal   = {Appl. Opt.},
   volume    = {48},
   number    = {34},
   pages     = {H120--H136}
}

@article{Park_2009_OE,
   author    = {Jae-Hyeung Park and Min-Su Kim and Ganbat Baasantseren and Nam Kim},
   title     = {Fresnel and {F}ourier hologram generation using orthographic projection images},
   year      = {2009},
   journal   = {Opt. Express},
   volume    = {17},
   number    = {8},
   pages     = {6320--6334}
}

@article{Pole_1967_APL,
   author   = {R. V. Pole},
   title    = {3-{D} imagery and holograms of objects illuminated in white light},
   year     = {1967},   
   journal  = {Appl. Phys. Lett.},
   volume   = {10},
   number   = {1}, 
   pages    = {20--22}
}

@article{Hong_2011_AO,
   author    = {Jisoo Hong and Youngmin Kim and Hee-Jin Choi and Joonku Hahn and Jae-Hyeung Park and Hwi Kim and Sung-Wook Min and Ni Chen and Byoungho Lee},
   title     = {Three-dimensional display technologies of recent interest: principles, status, and issues [{I}nvited]},
   year      = {2011},
   journal   = {Appl. Opt.},
   volume    = {50},
   number    = {34},
   pages     = {H87--H115}
}

@article{Hong_2004_OL, 
   author   = {Jisoo Hong and Jae-Hyeung Park and Sungyong Jung and Byoungho Lee}, 
   journal  = {Opt. Lett.}, 
   number   = {15}, 
   pages    = {1790--1792}, 
   publisher = {OSA},
   title    = {Depth-enhanced integral imaging by use of optical path control}, 
   volume   = {29}, 
   month    = {Aug},
   year     = {2004},
   url      = {http://ol.osa.org/abstract.cfm?URI=ol-29-15-1790},
   doi      = {10.1364/OL.29.001790}
}

@article{Lee_2001_OL, 
   author = {Byoungho Lee and Sungyong Jung and Sung-Wook Min and Jae-Hyeung Park}, 
   journal = {Opt. Lett.}, 
   number = {19}, 
   pages = {1481--1482}, 
   publisher = {OSA},
   title = {Three-dimensional display by use of integral photography with dynamically variable image planes}, 
   volume = {26}, 
   month = {Oct},
   year = {2001}
}

@article{Park_2009_AO, 
   author = {Jae-Hyeung Park and Keehoon Hong and Byoungho Lee}, 
   journal = {Appl. Opt.}, 
   number = {34}, 
   pages = {H77--H94}, 
   publisher = {OSA},
   title = {Recent progress in three-dimensional information processing based on integral imaging}, 
   volume = {48}, 
   month = {Dec},
   year = {2009},
}

@article{Jurasinski_2006,
   author  = {Gerald Jurasinski and Carl Beierkuhnlein},
   journal = {Biology and Environment},
   title   = {Spatial patterns of biodiversity-assessing vegetation using hexagonal grids},
   volume  = {106},
   number  = {B},
   year    = {2006},
   pages   = {401--401}
}

@article{Petersen_1962_IC,
   title = {Sampling and reconstruction of wave-number-limited functions in N-dimensional euclidean spaces},
   journal = {Information and Control},
   volume = {5},
   number = {4},
   pages = {279--323},
   year = {1962},
   author = {Daniel P. Petersen and David Middleton},
}


@article{Murphy_1982_JOSA, 
   author = {Patricia K. Murphy and Neal C. Gallagher}, 
   journal = {J. Opt. Soc. Am.}, 
   number = {7}, 
   pages = {929--937}, 
   publisher = {OSA},
   title = {Hexagonal sampling techniques applied to {F}ourier and Fresnel digital holograms}, 
   volume = {72}, 
   month = {Jul},
   year = {1982},
}

@proceeding{Baronti_2001_SPIE,
   author = {Stefano Baronti and Annalisa Capanni and Andrea Romoli and Leonardo Santurri and Raffaele Vitulli},
   title = {Detector shape in hexagonal sampling grids},
   journal = {Proc. SPIE},
   volume = {4540},
   number = {},
   pages = {354-365},
   year = {2001},
   doi = {10.1117/12.450677},
}


@proceeding{Park_2010_SPIE,
   author = {Jae-Hyeung Park and Dongbiao Han and Nam Kim},
   title = {Capture of the three-dimensional information based on integral imaging and its sampling analysis},
   journal = {Proc. SPIE},
   volume = {7848},
   number = {},
   pages = {78481B-78481B-9},
   year = {2010},
   doi = {10.1117/12.870730},
}

@proceeding{Chen_2010_SPIE,
   author = {Ni Chen and Jiwoon Yeom and Jae-Hyeung Park and Byoungho Lee},
   title = {High resolution {F}ourier hologram generation using hexagonal lens array based on integral imaging},
   journal = {International Meeting on Information Display},
   number = {},
   pages = {729--730},
   year = {2011},
   publisher = {Korean Information Display Society, 2011},
}

@article{Mishina_2006_AO, 
   author = {Tomoyuki Mishina and Makoto Okui and Fumio Okano}, 
   journal = {Appl. Opt.}, 
   keywords = {Spatial filtering; Computer holography; Holographic display; Fringe analysis},
   number = {17}, 
   pages = {4026--4036}, 
   publisher = {OSA},
   title = {Calculation of holograms from elemental images captured by integral photography}, 
   volume = {45}, 
   month = {Jun},
   year = {2006},
}

@article{Park_2008_OE, 
   author = {Jae-Hyeung Park and Ganbat Baasantseren and Nam Kim and Gilbae Park and Jin-Mo Kang and Byoungho Lee}, 
   journal = {Opt. Express}, 
   number = {12}, 
   pages = {8800--8813}, 
   title = {View image generation in perspective and orthographic projection geometry based on integral imaging}, 
   volume = {16}, 
   month = {Jun},
   year = {2008},
   doi = {10.1364/OE.16.008800},
}

@article{Kishk_2003_OE, 
   author    = {Sherif Kishk and Bahram Javidi}, 
   journal   = {Opt. Express}, 
   number    = {26}, 
   pages     = {3528--3541}, 
   publisher = {OSA},
   title     = {Improved resolution 3D object sensing and recognition using time multiplexed computational integral imaging}, 
   volume    = {11}, 
   month     = {Dec},
   year      = {2003}
}

@article{Jang_2002_OL, 
   author    = {Ju-Seog Jang and Bahram Javidi}, 
   journal   = {Opt. Lett.}, 
   number    = {5}, 
   pages     = {324--326}, 
   publisher = {OSA},
   title     = {Improved viewing resolution of three-dimensional integral imaging by use of nonstationary micro-optics}, 
   volume    = {27}, 
   month     = {Mar},
   year      = {2002},
   url       = {http://ol.osa.org/abstract.cfm?URI=ol-27-5-324}
}

@article{Erdmann_2001_AO, 
   author    = {Lars Erdmann and Kaigham J. Gabriel}, 
   journal   = {Appl. Opt.}, 
   number    = {31}, 
   pages     = {5592--5599}, 
   publisher = {OSA},
   title     = {High-resolution digital integral photography by use of a scanning microlens array}, 
   volume    = {40}, 
   month     = {Nov},
   year      = {2001}
}

@article{Chen_2010_OE,
   author    = {Ni Chen and Jae-Hyeung Park and Nam Kim},
   title     = {Parameter analysis of integral {F}ourier hologram and its resolution enhancement},
   year      = {2010},
   journal   = {Opt. Express},
   volume    = {18},
   number    = {3},
   pages     = {2152--2167}
}

@article{Lim_2009_OE, 
   author    = {Young-Tae Lim and Jae-Hyeung Park and Ki-Chul Kwon and Nam Kim}, 
   journal   = {Opt. Express}, 
   number    = {21}, 
   pages     = {19253--19263}, 
   publisher = {OSA},
   title     = {Resolution-enhanced integral imaging microscopy that uses lens array shifting}, 
   volume    = {17}, 
   month     = {Oct},
   year      = {2009}
}


@book{Goodman_2005,
   author    = {J. W. Goodman},
   title     = {Introduction to Fourier Optics},
   edition   = {Third},
   year      = {2005},
   publisher = {Roberts \& Company}
}

@book{Middleton_2005,
   author    = {Lee Middleton and Jayanthi Sivaswamy},
   title     = {Hexagonal Image Processing: A Practical Approach (Advances in Pattern Recognition)},
   edition   = {First},
   year      = {2005},
   publisher = {Springer--Verlag New York, Inc.},
   address   = {Secaucus, NJ, USA},
} 


@article{Stern_2006_JOSA, 
   author    = {Adrian Stern and Bahram Javidi}, 
   journal   = {J. Opt. Soc. Am. A}, 
   number    = {5}, 
   pages     = {1227--1235}, 
   publisher = {OSA},
   title     = {Improved-resolution digital holography using the generalized sampling theorem for locally band-limited fields}, 
   volume    = {23}, 
   month     = {May},
   year      = {2006}
}

@article{Stern_2004_JOSA, 
   author    = {Adrian Stern and Bahram Javidi}, 
   journal   = {J. Opt. Soc. Am. A}, 
   number    = {3}, 
   pages     = {360--366}, 
   publisher = {OSA},
   title     = {Sampling in the light of Wigner distribution}, 
   volume    = {21}, 
   month     = {Mar},
   year      = {2004}
}

@article{Park_2005, 
   author    = {Jae-Hyeung Park and Joohwan Kim and Byoungho Lee}, 
   journal   = {Opt. Express}, 
   number    = {13}, 
   pages     = {5116--5126}, 
   publisher = {OSA},
   title     = {Three-dimensional optical correlator using a sub-image array}, 
   volume    = {13}, 
   month     = {Jun},
   year      = {2005}
}

@article{Park_2008_OE, 
   author    = {Jae-Hyeung Park and Ganbat Baasantseren and Nam Kim and Gilbae Park and Jin-Mo Kang and Byoungho Lee}, 
   journal   = {Opt. Express}, 
   number    = {12}, 
   pages     = {8800--8813}, 
   publisher = {OSA},
   title     = {View image generation in perspective and orthographic projection geometry based on integral imaging}, 
   volume    = {16}, 
   month     = {Jun},
   year      = {2008}
}

@article{Zhang_2006_CSVT, 
   author    = {L. Zhang and Demin Wang and A.Vincent}, 
   journal   = {Circuits and Systems for Video Technology, IEEE Transactions on}, 
   title     = {Adaptive reconstruction of intermediate views from stereoscopic images}, 
   year      = {2006}, 
   volume    = {16}, 
   number    = {1}, 
   pages     = {102--113}, 
   ISSN      = {1051--8215}, 
   month     = {Jan}
}
