%----------------------------------- JOURNAL ----------------------------------
@article{Shaked_2009_AO,
   author    = {Natan T. Shaked and Barak Katz and Joseph Rosen},
   title     = {Review of three--dimensional holographic imaging by multiple-viewpoint-projection based methods},
   year      = {2009},
   journal   = {Appl. Opt.},
   volume    = {48},
   number    = {34},
   pages     = {H120--H136}
}

@article{Park_2009_OE,
   author    = {Jae-Hyeung Park and Min-Su Kim and Ganbat Baasantseren and Nam Kim},
   title     = {Fresnel and {F}ourier hologram generation using orthographic projection images},
   year      = {2009},
   journal   = {Opt. Express},
   volume    = {17},
   number    = {8},
   pages     = {6320--6334}
}


@article{Kishk_2003_OE, 
   author    = {Sherif Kishk and Bahram Javidi}, 
   journal   = {Opt. Express}, 
   number    = {26}, 
   pages     = {3528--3541}, 
   publisher = {OSA},
   title     = {Improved resolution 3D object sensing and recognition using time multiplexed computational integral imaging}, 
   volume    = {11}, 
   month     = {Dec},
   year      = {2003}
}

@article{Jang_2002_OL, 
   author    = {Ju-Seog Jang and Bahram Javidi}, 
   journal   = {Opt. Lett.}, 
   number    = {5}, 
   pages     = {324--326}, 
   publisher = {OSA},
   title     = {Improved viewing resolution of three-dimensional integral imaging by use of nonstationary micro-optics}, 
   volume    = {27}, 
   month     = {Mar},
   year      = {2002},
   url       = {http://ol.osa.org/abstract.cfm?URI=ol-27-5-324}
}

@article{Erdmann_2001_AO, 
   author    = {Lars Erdmann and Kaigham J. Gabriel}, 
   journal   = {Appl. Opt.}, 
   number    = {31}, 
   pages     = {5592--5599}, 
   publisher = {OSA},
   title     = {High-resolution digital integral photography by use of a scanning microlens array}, 
   volume    = {40}, 
   month     = {Nov},
   year      = {2001}
}


@article{Lim_2009_OE, 
   author    = {Young-Tae Lim and Jae-Hyeung Park and Ki-Chul Kwon and Nam Kim}, 
   journal   = {Opt. Express}, 
   number    = {21}, 
   pages     = {19253--19263}, 
   publisher = {OSA},
   title     = {Resolution-enhanced integral imaging microscopy that uses lens array shifting}, 
   volume    = {17}, 
   month     = {Oct},
   year      = {2009}
}


@book{Goodman_2005,
   author    = {J. W. Goodman},
   title     = {Introduction to Fourier Optics, 3\textsuperscript{rd}},
   year      = {2005},
   publisher = {Roberts & Company}
}


@article{Stern_2006_JOSA, 
   author    = {Adrian Stern and Bahram Javidi}, 
   journal   = {J. Opt. Soc. Am. A}, 
   number    = {5}, 
   pages     = {1227--1235}, 
   publisher = {OSA},
   title     = {Improved-resolution digital holography using the generalized sampling theorem for locally band-limited fields}, 
   volume    = {23}, 
   month     = {May},
   year      = {2006}
}

@article{Stern_2004_JOSA, 
   author    = {Adrian Stern and Bahram Javidi}, 
   journal   = {J. Opt. Soc. Am. A}, 
   number    = {3}, 
   pages     = {360--366}, 
   publisher = {OSA},
   title     = {Sampling in the light of Wigner distribution}, 
   volume    = {21}, 
   month     = {Mar},
   year      = {2004}
}

@article{Park_2005, 
   author    = {Jae-Hyeung Park and Joohwan Kim and Byoungho Lee}, 
   journal   = {Opt. Express}, 
   number    = {13}, 
   pages     = {5116--5126}, 
   publisher = {OSA},
   title     = {Three-dimensional optical correlator using a sub-image array}, 
   volume    = {13}, 
   month     = {Jun},
   year      = {2005}
}


@article{Park_2008_OE, 
   author    = {Jae-Hyeung Park and Ganbat Baasantseren and Nam Kim and Gilbae Park and Jin-Mo Kang and Byoungho Lee}, 
   journal   = {Opt. Express}, 
   number    = {12}, 
   pages     = {8800--8813}, 
   publisher = {OSA},
   title     = {View image generation in perspective and orthographic projection geometry based on integral imaging}, 
   volume    = {16}, 
   month     = {Jun},
   year      = {2008}
}


@article{Zhang_2006_CSVT, 
   author    = {L. Zhang and Demin Wang and A.Vincent}, 
   journal   = {Circuits and Systems for Video Technology, IEEE Transactions on}, 
   title     = {Adaptive reconstruction of intermediate views from stereoscopic images}, 
   year      = {2006}, 
   volume    = {16}, 
   number    = {1}, 
   pages     = {102--113}, 
   ISSN      = {1051--8215}, 
   month     = {Jan}
}
